<record><leader>00000cas a22000007a 4500</leader><controlfield tag="001">14279957</controlfield><controlfield tag="008">860929d18831893txuwr ne      0    0eng d</controlfield><datafield ind1=" " ind2=" " tag="010"><subfield code="a">sn 86089379 </subfield></datafield><datafield ind1=" " ind2=" " tag="040"><subfield code="a">PPM</subfield><subfield code="b">eng</subfield><subfield code="c">PPM</subfield><subfield code="d">OCLCQ</subfield></datafield><datafield ind1=" " ind2=" " tag="042"><subfield code="a">msc</subfield></datafield><datafield ind1="0" ind2="4" tag="245"><subfield code="a">The Hubbard City news.</subfield></datafield><datafield ind1=" " ind2=" " tag="260"><subfield code="a">Hubbard City, Tex. :</subfield><subfield code="b">S.H. Sayer</subfield></datafield><datafield ind1=" " ind2=" " tag="300"><subfield code="a">v.</subfield></datafield><datafield ind1=" " ind2=" " tag="310"><subfield code="a">Weekly</subfield></datafield><datafield ind1="1" ind2=" " tag="362"><subfield code="a">Began in 1883?</subfield></datafield><datafield ind1=" " ind2=" " tag="580"><subfield code="a">Merged with: Texas pick and pan, to form: Texas pick and pan news.</subfield></datafield><datafield ind1=" " ind2=" " tag="588"><subfield code="a">Description based on: Vol. 7, no. 17 (May 24, 1889).</subfield></datafield><datafield ind1=" " ind2=" " tag="752"><subfield code="a">United States</subfield><subfield code="b">Texas</subfield><subfield code="c">Hill</subfield><subfield code="d">Hubbard.</subfield></datafield><datafield ind1=" " ind2=" " tag="752"><subfield code="a">United States</subfield><subfield code="b">Texas</subfield><subfield code="c">Hill</subfield><subfield code="d">Hubbard City.</subfield></datafield><datafield ind1="1" ind2="4" tag="780"><subfield code="t">Texas pick and pan</subfield></datafield><datafield ind1="1" ind2="4" tag="780"><subfield code="t">Texas pick and pan news</subfield></datafield><datafield ind1="0" ind2="5" tag="780"><subfield code="t">Hubbard City progress</subfield></datafield></record>